@InProceedings{pmlr-v48-gal16,
  title = 	 {Dropout as a {B}ayesian Approximation: Representing Model Uncertainty in Deep Learning},
  author = 	 {Yarin Gal and Zoubin Ghahramani},
  booktitle = 	 {Proceedings of The 33rd International Conference on Machine Learning},
  pages = 	 {1050--1059},
  year = 	 {2016},
  editor = 	 {Maria Florina Balcan and Kilian Q. Weinberger},
  volume = 	 {48},
  series = 	 {Proceedings of Machine Learning Research},
  address = 	 {New York, New York, USA},
  month = 	 {20--22 Jun},
  publisher = 	 {PMLR},
  pdf = 	 {http://proceedings.mlr.press/v48/gal16.pdf},
  url = 	 {http://proceedings.mlr.press/v48/gal16.html}
}

@InProceedings{pmlr-v80-pearce18a,
  title = 	 {High-Quality Prediction Intervals for Deep Learning: A Distribution-Free, Ensembled Approach},
  author = 	 {Pearce, Tim and Brintrup, Alexandra and Zaki, Mohamed and Neely, Andy},
  booktitle = 	 {Proceedings of the 35th International Conference on Machine Learning},
  pages = 	 {4075--4084},
  year = 	 {2018},
  editor = 	 {Dy, Jennifer and Krause, Andreas},
  volume = 	 {80},
  series = 	 {Proceedings of Machine Learning Research},
  address = 	 {Stockholmsm√§ssan, Stockholm Sweden},
  month = 	 {10--15 Jul},
  publisher = 	 {PMLR},
  pdf = 	 {http://proceedings.mlr.press/v80/pearce18a/pearce18a.pdf},
  url = 	 {http://proceedings.mlr.press/v80/pearce18a.html}
}



@InProceedings{pmlr-v37-blundell15,
  title = 	 {Weight Uncertainty in Neural Network},
  author = 	 {Charles Blundell and Julien Cornebise and Koray Kavukcuoglu and Daan Wierstra},
  booktitle = 	 {Proceedings of the 32nd International Conference on Machine Learning},
  pages = 	 {1613--1622},
  year = 	 {2015},
  editor = 	 {Francis Bach and David Blei},
  volume = 	 {37},
  series = 	 {Proceedings of Machine Learning Research},
  address = 	 {Lille, France},
  month = 	 {07--09 Jul},
  publisher = 	 {PMLR},
  pdf = 	 {http://proceedings.mlr.press/v37/blundell15.pdf},
  url = 	 {http://proceedings.mlr.press/v37/blundell15.html}
}


@InProceedings{pmlr-v70-louizos17a,
  title = 	 {Multiplicative Normalizing Flows for Variational {B}ayesian Neural Networks},
  author = 	 {Christos Louizos and Max Welling},
  booktitle = 	 {Proceedings of the 34th International Conference on Machine Learning},
  pages = 	 {2218--2227},
  year = 	 {2017},
  editor = 	 {Doina Precup and Yee Whye Teh},
  volume = 	 {70},
  series = 	 {Proceedings of Machine Learning Research},
  address = 	 {International Convention Centre, Sydney, Australia},
  month = 	 {06--11 Aug},
  publisher = 	 {PMLR},
  pdf = 	 {http://proceedings.mlr.press/v70/louizos17a/louizos17a.pdf},
  url = 	 {http://proceedings.mlr.press/v70/louizos17a.html}
}

@article{krueger2017bayesian,
  title={Bayesian hypernetworks},
  author={Krueger, David and Huang, Chin-Wei and Islam, Riashat and Turner, Ryan and Lacoste, Alexandre and Courville, Aaron},
  journal={arXiv preprint arXiv:1710.04759},
  year={2017}
}

@article{DBLP:journals/corr/abs-1711-01297,
  author    = {Nick Pawlowski and
               Martin Rajchl and
               Ben Glocker},
  title     = {Implicit Weight Uncertainty in Neural Networks},
  journal   = {CoRR},
  volume    = {abs/1711.01297},
  year      = {2017},
  url       = {http://arxiv.org/abs/1711.01297},
  archivePrefix = {arXiv},
  eprint    = {1711.01297},
  timestamp = {Mon, 13 Aug 2018 16:49:03 +0200},
  biburl    = {https://dblp.org/rec/bib/journals/corr/abs-1711-01297},
  bibsource = {dblp computer science bibliography, https://dblp.org}
}

